<?xml version="1.0"?>
<marc:records xmlns:marc="http://www.loc.gov/MARC21/slim" xmlns:xsi="http://www.w3.org/2001/XMLSchema-instance" xsi:schemaLocation="http://www.loc.gov/MARC21/slim http://www.loc.gov/standards/marcxml/schema/MARC21slim.xsd">
  <marc:record>
    <marc:leader>04117ntd a2200445Ia 4500</marc:leader>
    <marc:controlfield tag="001">9978125413903681</marc:controlfield>
    <marc:controlfield tag="005">20220624111759.0</marc:controlfield>
    <marc:controlfield tag="008">220405q13001399sp            000 0 heb d</marc:controlfield>
    <marc:datafield ind1=" " ind2=" " tag="035">
  <marc:subfield code="a">(OCoLC)1308981006</marc:subfield>
</marc:datafield>
    <marc:datafield ind1=" " ind2=" " tag="035">
  <marc:subfield code="a">(OCoLC)on1308981006</marc:subfield>
</marc:datafield>
    <marc:datafield ind1=" " ind2=" " tag="040">
  <marc:subfield code="a">PAU</marc:subfield>
  <marc:subfield code="b">eng</marc:subfield>
  <marc:subfield code="e">dacs</marc:subfield>
  <marc:subfield code="c">PAU</marc:subfield>
</marc:datafield>
    <marc:datafield ind1="1" ind2=" " tag="041">
  <marc:subfield code="a">heb</marc:subfield>
  <marc:subfield code="a">arc</marc:subfield>
  <marc:subfield code="h">heb</marc:subfield>
</marc:datafield>
    <marc:datafield ind1=" " ind2="9" tag="099">
  <marc:subfield code="a">CAJS: RAR MS 82.313.4</marc:subfield>
</marc:datafield>
    <marc:datafield ind1="0" ind2=" " tag="130">
  <marc:subfield code="6">880-01</marc:subfield>
  <marc:subfield code="a">Bible.</marc:subfield>
  <marc:subfield code="l">Hebrew.</marc:subfield>
  <marc:subfield code="p">Psalms, XXVII-XXVIII.</marc:subfield>
</marc:datafield>
    <marc:datafield ind1="1" ind2="0" tag="245">
  <marc:subfield code="6">880-02</marc:subfield>
  <marc:subfield code="a">Fragment of a Psalter with Kimhi's commentary,</marc:subfield>
  <marc:subfield code="f">1300s?.</marc:subfield>
</marc:datafield>
    <marc:datafield ind1=" " ind2=" " tag="300">
  <marc:subfield code="a">1</marc:subfield>
  <marc:subfield code="f">leaf :</marc:subfield>
  <marc:subfield code="b">parchment.</marc:subfield>
</marc:datafield>
    <marc:datafield ind1=" " ind2=" " tag="524">
  <marc:subfield code="a">UPenn CAJS: RAR MS 82.313.4.</marc:subfield>
</marc:datafield>
    <marc:datafield ind1=" " ind2=" " tag="546">
  <marc:subfield code="a">In Hebrew; Targum in Aramaic, translated from the Hebrew.</marc:subfield>
</marc:datafield>
    <marc:datafield ind1="1" ind2=" " tag="561">
  <marc:subfield code="a">Transferred to the Cairo Genizah Collection (Library at the Herbert D. Katz Center for Advanced Judaic Studies, University of Pennsylvania).</marc:subfield>
</marc:datafield>
    <marc:datafield ind1="1" ind2=" " tag="561">
  <marc:subfield code="a">Formerly held in the Cairo Genizah Collection (Dropsie College).</marc:subfield>
</marc:datafield>
    <marc:datafield ind1=" " ind2="0" tag="650">
  <marc:subfield code="a">Manuscript fragments</marc:subfield>
  <marc:subfield code="v">Specimens.</marc:subfield>
</marc:datafield>
    <marc:datafield ind1=" " ind2="7" tag="655">
  <marc:subfield code="a">fragments (object portions)</marc:subfield>
  <marc:subfield code="2">aat</marc:subfield>
</marc:datafield>
    <marc:datafield ind1=" " ind2="7" tag="655">
  <marc:subfield code="a">Psalters.</marc:subfield>
  <marc:subfield code="2">lcgft</marc:subfield>
</marc:datafield>
    <marc:datafield ind1=" " ind2="0" tag="655">
  <marc:subfield code="a">Manuscripts, Medieval.</marc:subfield>
</marc:datafield>
    <marc:datafield ind1=" " ind2="7" tag="655">
  <marc:subfield code="a">Manuscripts, Aramaic</marc:subfield>
  <marc:subfield code="y">14th century.</marc:subfield>
  <marc:subfield code="2">local</marc:subfield>
</marc:datafield>
    <marc:datafield ind1=" " ind2="7" tag="655">
  <marc:subfield code="a">Manuscripts, Hebrew</marc:subfield>
  <marc:subfield code="y">14th century.</marc:subfield>
  <marc:subfield code="2">local</marc:subfield>
</marc:datafield>
    <marc:datafield ind1=" " ind2="0" tag="655">
  <marc:subfield code="a">Manuscripts, European.</marc:subfield>
</marc:datafield>
    <marc:datafield ind1="1" ind2="2" tag="700">
  <marc:subfield code="6">880-03</marc:subfield>
  <marc:subfield code="a">Kimhi, David,</marc:subfield>
  <marc:subfield code="d">approximately 1160-approximately 1235.</marc:subfield>
  <marc:subfield code="t">Perush Radak&#x323;.</marc:subfield>
  <marc:subfield code="p">Psalms, XXVII-XXVIII.</marc:subfield>
</marc:datafield>
    <marc:datafield ind1="2" ind2=" " tag="710">
  <marc:subfield code="a">Cairo Genizah Collection (University of Pennsylvania. Center for Advanced Judaic Studies. Library).</marc:subfield>
  <marc:subfield code="k">Manuscript.</marc:subfield>
  <marc:subfield code="n">CAJS: RAR MS 82.313.4</marc:subfield>
</marc:datafield>
    <marc:datafield ind1="0" ind2="2" tag="730">
  <marc:subfield code="6">880-04</marc:subfield>
  <marc:subfield code="a">Bible.</marc:subfield>
  <marc:subfield code="p">Psalms, XXVII-XXVIII.</marc:subfield>
  <marc:subfield code="l">Aramaic.</marc:subfield>
  <marc:subfield code="s">Onk&#x323;elos.</marc:subfield>
</marc:datafield>
    <marc:datafield ind1="0" ind2=" " tag="773">
  <marc:subfield code="t">Cairo Genizah Collection.</marc:subfield>
</marc:datafield>
    <marc:datafield ind1=" " ind2=" " tag="852">
  <marc:subfield code="b">Library at the Herbert D. Katz Center for Advanced Judaic Studies</marc:subfield>
  <marc:subfield code="a">University of Pennsylvania</marc:subfield>
  <marc:subfield code="e">420 Walnut Street, Philadelphia, Pennsylvania 19106-3703.</marc:subfield>
  <marc:subfield code="j">CAJS: RAR MS 82.313.4</marc:subfield>
</marc:datafield>
    <marc:datafield ind1="4" ind2="1" tag="856">
  <marc:subfield code="z">Digital facsimile for browsing (Colenda)</marc:subfield>
  <marc:subfield code="u">https://colenda.library.upenn.edu/catalog/81431-p34747922</marc:subfield>
</marc:datafield>
    <marc:datafield ind1="0" ind2=" " tag="880">
  <marc:subfield code="6">130-01//r</marc:subfield>
  <marc:subfield code="a">&#x5EA;&#x5E0;"&#x5DA;.</marc:subfield>
  <marc:subfield code="l">&#x5E2;&#x5D1;&#x5E8;&#x5D9;&#x5EA;.</marc:subfield>
  <marc:subfield code="p">&#x5EA;&#x5D4;&#x5DC;&#x5D9;&#x5DD;, &#x5DB;"&#x5D6;-&#x5DB;"&#x5D7;. .</marc:subfield>
</marc:datafield>
    <marc:datafield ind1="1" ind2="2" tag="880">
  <marc:subfield code="6">700-03//r</marc:subfield>
  <marc:subfield code="a">&#x5E7;&#x5DE;&#x5D7;&#x5D9;, &#x5D3;&#x5D5;&#x5D3;,</marc:subfield>
  <marc:subfield code="d">&#x5D1;&#x5E2;&#x5E8;&#x5DA; 1160&#x5BE;&#x5D1;&#x5E2;&#x5E8;&#x5DA; 1235.</marc:subfield>
  <marc:subfield code="t">&#x5E4;&#x5D9;&#x5E8;&#x5D5;&#x5E9; &#x5E8;&#x5D3;"&#x5E7;.</marc:subfield>
  <marc:subfield code="p">&#x5EA;&#x5D4;&#x5DC;&#x5D9;&#x5DD;, &#x5DB;"&#x5D6;-&#x5DB;"&#x5D7;.</marc:subfield>
</marc:datafield>
    <marc:datafield ind1=" " ind2=" " tag="880">
  <marc:subfield code="6">520-00//r</marc:subfield>
  <marc:subfield code="a">Fragment of a Hebrew Psalter, surviving at XXVII:2, &#x5D4;&#x5B5;&#x596;&#x5DE;&#x5BC;&#x5B8;&#x5D4; &#x5DB;&#x5B8;&#x5E9;&#x5C1;&#x5B0;&#x5DC;&#x5A3;&#x5D5;&#x5BC; &#x5D5;&#x5B0;&#x5E0;&#x5B8;&#x5E4;&#x5B8;&#x5BD;&#x5DC;&#x5D5;&#x5BC;, column finishing with verse 9, &#x5D5;&#x5B0;&#x5D0;&#x5B7;&#x5DC;&#x5BE;&#x5EA;&#x5BC;&#x5B7;&#x59D;&#x5E2;&#x5B7;&#x5D6;&#x5B0;&#x5D1;&#x5B5;&#x597;&#x5E0;&#x5B4;&#x5D9; (recto), continuing on verso until XXVIII:7, &#x5D9;&#x5B0;&#x5D4;&#x5B9;&#x5D5;&#x5B8;&#x5A4;&#x5D4;&#x2009;&#x5E2;&#x5BB;&#x5D6;&#x5BC;&#x5B4;&#x5A5;&#x5D9; &#x5D5;&#x5BC;&#x5DE;&#x5B8;&#x5D2;&#x5B4;&#x5E0;&#x5BC;&#x5B4;&#x5D9;&#x5AE;. Targum (corresponding to the text) in an adjacent center column; Kimhi's commentary at outer margins. Psalms written in 17 lines on recto and 15 lines on verso; Targum written in 21 lines on recto and 15 lines on verso. Written in a Spanish square script of the 14th century, vocalized with cantillation (Psalms and Targum) and a Spanish cursive script (Kimhi), all in a scribal hand. Item charred at corners; most of the original folio lost.</marc:subfield>
</marc:datafield>
    <marc:datafield ind1="1" ind2="0" tag="880">
  <marc:subfield code="6">245-02//r</marc:subfield>
  <marc:subfield code="a">&#x5E7;&#x5D8;&#x5E2; &#x5DE;&#x5EA;&#x5D4;&#x5DC;&#x5D9;&#x5DD; &#x5E2;&#x5DD; &#x5E4;&#x5D9;&#x5E8;&#x5D5;&#x5E9; &#x5E8;&#x5D3;"&#x5E7;,</marc:subfield>
  <marc:subfield code="f">&#x5D4;1300?.</marc:subfield>
</marc:datafield>
    <marc:datafield ind1="0" ind2="2" tag="880">
  <marc:subfield code="6">730-04//r</marc:subfield>
  <marc:subfield code="a">&#x5EA;&#x5E0;"&#x5DA;.</marc:subfield>
  <marc:subfield code="l">&#x5D0;&#x5E8;&#x5DE;&#x5D9;&#x5EA;.</marc:subfield>
  <marc:subfield code="s">&#x5EA;&#x5E8;&#x5D2;&#x5D5;&#x5DD; &#x5D0;&#x5D5;&#x5E0;&#x5E7;&#x5DC;&#x5E1;.</marc:subfield>
  <marc:subfield code="p">&#x5EA;&#x5D4;&#x5DC;&#x5D9;&#x5DD;, &#x5DB;"&#x5D6;-&#x5DB;"&#x5D7;. .</marc:subfield>
</marc:datafield>
    <marc:datafield ind1=" " ind2=" " tag="948">
  <marc:subfield code="h">HELD BY PAU - 0 OTHER HOLDINGS</marc:subfield>
</marc:datafield>
    <marc:datafield ind1=" " ind2=" " tag="994">
  <marc:subfield code="a">Z0</marc:subfield>
  <marc:subfield code="b">PAU</marc:subfield>
</marc:datafield>
    <marc:holdings>
      <marc:holding>
        <marc:holding_id>22694710270003681</marc:holding_id>
        <marc:call_number>CAJS: RAR MS 82.313.4</marc:call_number>
        <marc:library>KatzLib</marc:library>
        <marc:location>cjsrarms</marc:location>
      </marc:holding>
    </marc:holdings>
  </marc:record>
</marc:records>
